% This file was created with JabRef 2.7.1.
% Encoding: Cp1252

@MISC{kleinrock,
  author = {Leonard Kleinrock},
  title = {What is emergent behaviour?},
  howpublished = {Available from: 		
  http://curiosity.discovery.com/question/emergent-behavior
	[Accessed 10.08.2013]},
  year = {2011}
}

@ARTICLE{musse1,
 author = {Musse, Soraia Raupp and Thalmann, Daniel},
 title = {Hierarchical Model for Real Time Simulation of Virtual Human Crowds},
 journal = {IEEE Transactions on Visualization and Computer Graphics},
 issue_date = {April 2001},
 volume = {7},
 number = {2},
 month = apr,
 year = {2001},
 issn = {1077-2626},
 pages = {152--164},
 numpages = {13},
 url = {http://dx.doi.org/10.1109/2945.928167},
 doi = {10.1109/2945.928167},
 acmid = {614488},
 publisher = {IEEE Educational Activities Department},
 address = {Piscataway, NJ, USA},
 keywords = {Crowd motion, degrees of autonomy, reactive behaviors, behavioral animation, synthetic autonomous agents, virtual human crowds.},
}

@INPROCEEDINGS{musse2,
 author = {Musse, Soraia Raupp and Ulicny, Branislav and Aubel, Amaury and Thalmann, Daniel},
 title = {Groups and crowd simulation},
 booktitle = {ACM SIGGRAPH 2005 Courses},
 series = {SIGGRAPH '05},
 year = {2005},
 location = {Los Angeles, California},
 articleno = {2},
 url = {http://doi.acm.org/10.1145/1198555.1198672},
 doi = {10.1145/1198555.1198672},
 acmid = {1198672},
 publisher = {ACM},
 address = {New York, NY, USA},
}

@ARTICLE{patil,
  added-at = {2011-11-07T00:00:00.000+0100},
  author = {Patil, Sachin and van den Berg, Jur P. and Curtis, Sean and Lin, Ming C. and Manocha, Dinesh},
  biburl = {http://www.bibsonomy.org/bibtex/29625eb9faa888cca80729f1129155431/dblp},
  ee = {http://doi.ieeecomputersociety.org/10.1109/TVCG.2010.33},
  interhash = {bae006cf8a0054b54fc148625f822532},
  intrahash = {9625eb9faa888cca80729f1129155431},
  journal = {IEEE Trans. Vis. Comput. Graph.},
  keywords = {dblp},
  number = 2,
  pages = {244-254},
  timestamp = {2011-11-07T00:00:00.000+0100},
  title = {Directing Crowd Simulations Using Navigation Fields.},
  url = {http://dblp.uni-trier.de/db/journals/tvcg/tvcg17.html#PatilBCLM11},
  volume = 17,
  year = 2011
}

@MISC{red3D,
  author = {Reynolds, Craig W.},
  title = {Individual-Based Models},
  howpublished = {Available from: 		
	http://www.red3d.com/cwr/ibm.html
	[Accessed 10.08.2013]},
  year = {1999}
}

@INPROCEEDINGS{reynolds,
 author = {Reynolds, Craig W.},
 title = {Flocks, herds and schools: A distributed behavioral model},
 booktitle = {Proceedings of the 14th annual conference on Computer graphics and interactive techniques},
 series = {SIGGRAPH '87},
 year = {1987},
 isbn = {0-89791-227-6},
 pages = {25--34},
 numpages = {10},
 url = {http://doi.acm.org/10.1145/37401.37406},
 doi = {10.1145/37401.37406},
 acmid = {37406},
 publisher = {ACM},
 address = {New York, NY, USA},
}

@INPROCEEDINGS{wang,
    author = {Chih-Chien Wang and Tsai-Yen Li},
    title = {Evolving Crowd Motion Simulation with Genetic Algorithm},
    booktitle = {Proc. 3rd Intl. Conf. on Autonomous Robots and Agents - ICARAâ€™2006, Palmerston North, New Zealand},
    year = {2006},
    pages = {443--448}
}

@BOOK{buckland,
  title={Programming Game AI by Example},
  author={Buckland, M.},
  isbn={9781556220784},
  lccn={2004015103},
  series={Wordware game developer's library},
  url={http://books.google.co.uk/books?id=gDLpyWtFacYC},
  year={2005},
  publisher={Wordware Pub.}
}

@INPROCEEDINGS{lee1,
 author = {Lee, Jae Moon and Cho, Hye-Kyung},
 title = {A simple heuristic to find efficiently k-nearest neighbors in flocking behaviors},
 booktitle = {Proceedings of the 6th WSEAS international conference on Computer Engineering and Applications, and Proceedings of the 2012 American conference on Applied Mathematics},
 series = {AMERICAN-MATH'12/CEA'12},
 year = {2012},
 isbn = {978-1-61804-064-0},
 location = {Harvard, Cambridge},
 pages = {60--64},
 numpages = {5},
 url = {http://dl.acm.org/citation.cfm?id=2209654.2209672},
 acmid = {2209672},
 publisher = {World Scientific and Engineering Academy and Society (WSEAS)},
 address = {Stevens Point, Wisconsin, USA},
 keywords = {agent, flocking behavior, k-nearest neighbors, spatial subdivision},
}

@ARTICLE{Lee2,
 author = {Lee, Jae Moon},
 title = {An efficient algorithm to find k-nearest neighbors in flocking behavior},
 journal = {Inf. Process. Lett.},
 issue_date = {July, 2010},
 volume = {110},
 number = {14-15},
 month = jul,
 year = {2010},
 issn = {0020-0190},
 pages = {576--579},
 numpages = {4},
 url = {http://dx.doi.org/10.1016/j.ipl.2010.04.024},
 doi = {10.1016/j.ipl.2010.04.024},
 acmid = {1809715},
 publisher = {Elsevier North-Holland, Inc.},
 address = {Amsterdam, The Netherlands, The Netherlands},
 keywords = {Agent, Algorithms, Flocking behavior, Spatial subdivision, k-Nearest neighbors},
}

@MISC{lua,
  author = {Roberto Ierusalimschy, Luiz Henrique de Figueiredo, Waldemar Celes},
  title = {Lua 5.1 Manual Reference},
  howpublished = {Available from: 		
	http://www.lua.org/manual/5.1/manual.html
	[Accessed 10.08.2013]},
  year = {2006}
}